@inbook{book1,
    author = "Georg H & Gethard W",
    title = "Introduction to High Performance Computing for Scientists and Engineers",
    pages = "86--89",
    publisher = "CRC Press",
    year = "2011",
}
